<?xml version="1.0" encoding="UTF-8"?><collection xmlns="http://www.loc.gov/MARC21/slim"><record><leader>00408nam--2200145-i-4500</leader><controlfield tag="001">000029316</controlfield><controlfield tag="002">20161230</controlfield><controlfield tag="005">20161230201037</controlfield><controlfield tag="008">060222s1000------------r-----000-0-eng-d</controlfield><datafield ind1=" " ind2=" " tag="080"><subfield code="a">517.98(043)</subfield></datafield><datafield ind1=" " ind2=" " tag="100"><subfield code="a">Larrieu, Michel</subfield></datafield><datafield ind1=" " ind2=" " tag="245"><subfield code="a">Methodes fonctionnelles pour les equations a memoire. these</subfield></datafield><datafield ind1=" " ind2=" " tag="260"><subfield code="a">Paris, Universite De Pau, 1980, Pag.Dif</subfield></datafield><datafield ind1=" " ind2=" " tag="852"><subfield code="a">49846</subfield><subfield code="c">517.9</subfield></datafield><datafield ind1=" " ind2=" " tag="CAT"><subfield code="a">Sys</subfield><subfield code="c">20090325</subfield><subfield code="h">131716</subfield></datafield></record></collection>